@article{Hawking1974,
  author  = {Hawking, S. W.},
  title   = {Black hole explosions?},
  journal = {Nature},
  year    = {1974},
  volume  = {248},
  pages   = {30--31},
  doi     = {10.1038/248030a0}
}

@article{Hawking1975,
  author  = {Hawking, S. W.},
  title   = {Particle Creation by Black Holes},
  journal = {Communications in Mathematical Physics},
  year    = {1975},
  volume  = {43},
  pages   = {199--220},
  doi     = {10.1007/BF02345020}
}

@article{Unruh1981,
  author  = {Unruh, W. G.},
  title   = {Experimental Black-Hole Evaporation?},
  journal = {Physical Review Letters},
  year    = {1981},
  volume  = {46},
  pages   = {1351--1353},
  doi     = {10.1103/PhysRevLett.46.1351}
}

@article{Barcelo2011,
  author  = {Barcel{\'o}, C. and Liberati, S. and Visser, M.},
  title   = {Analogue Gravity},
  journal = {Living Reviews in Relativity},
  year    = {2011},
  volume  = {14},
  number  = {3},
  doi     = {10.12942/lrr-2011-3}
}

@article{Shi2023,
  author  = {Shi, Yun-Hao and Yang, Run-Qiu and Xiang, Zhongcheng and Ge, Zi-Yong and Li, Hao and Wang, Yong-Yi and Huang, Kaixuan and Tian, Ye and Song, Xiaohui and Zheng, Dongning and Xu, Kai and Cai, Rong-Gen and Fan, Heng},
  title   = {Quantum simulation of Hawking radiation and curved spacetime with a superconducting on-chip black hole},
  journal = {Nature Communications},
  year    = {2023},
  volume  = {14},
  pages   = {3263},
  doi     = {10.1038/s41467-023-39064-6}
}

@article{Sheng2013,
  author  = {Sheng, C. and Liu, H. and Wang, Y. and Zhu, S. N. and Genov, D. A.},
  title   = {Trapping light by mimicking gravitational lensing},
  journal = {Nature Photonics},
  year    = {2013},
  volume  = {7},
  pages   = {902--906},
  doi     = {10.1038/nphoton.2013.247}
}

@article{Weinfurtner2011,
  author  = {Weinfurtner, Silke and Tedford, Edmund W. and Penrice, Matthew C. J. and Unruh, William G. and Lawrence, Gregory A.},
  title   = {Measurement of Stimulated Hawking Emission in an Analogue System},
  journal = {Physical Review Letters},
  year    = {2011},
  volume  = {106},
  pages   = {021302},
  doi     = {10.1103/PhysRevLett.106.021302}
}

@article{Steinhauer2016,
  author  = {Steinhauer, Jeff},
  title   = {Observation of quantum Hawking radiation and its entanglement in an analogue black hole},
  journal = {Nature Physics},
  year    = {2016},
  volume  = {12},
  pages   = {959--965},
  doi     = {10.1038/nphys3863}
}

@article{Drori2019,
  author  = {Drori, Jonathan and Rosenberg, Yuval and Bermudez, David and Silberberg, Yaron and Leonhardt, Ulf},
  title   = {Observation of Stimulated Hawking Radiation in an Optical Analogue},
  journal = {Physical Review Letters},
  year    = {2019},
  volume  = {122},
  pages   = {010404},
  doi     = {10.1103/PhysRevLett.122.010404}
}

@article{Planck1901,
  author  = {Planck, Max},
  title   = {Ueber das Gesetz der Energieverteilung im Normalspectrum},
  journal = {Annalen der Physik},
  year    = {1901},
  volume  = {309},
  number  = {3},
  pages   = {553--563},
  doi     = {10.1002/andp.19013090310}
}

@article{Page1976,
  author  = {Page, Don N.},
  title   = {Particle emission rates from a black hole: Massless particles from an uncharged, nonrotating hole},
  journal = {Physical Review D},
  year    = {1976},
  volume  = {13},
  pages   = {198--206},
  doi     = {10.1103/PhysRevD.13.198}
}

@book{Wilson2013,
  author    = {Wilson, Thomas L. and Rohlfs, Kristen and H{\"u}ttemeister, Susanne},
  title     = {Tools of Radio Astronomy},
  year      = {2013},
  publisher = {Springer},
  address   = {Berlin, Heidelberg},
  series    = {Astronomy and Astrophysics Library},
  doi       = {10.1007/978-3-642-39950-3}
}

@article{Esarey2009,
  author  = {Esarey, E. and Schroeder, C. B. and Leemans, W. P.},
  title   = {Physics of laser-driven plasma-based electron accelerators},
  journal = {Reviews of Modern Physics},
  year    = {2009},
  volume  = {81},
  pages   = {1229--1285},
  doi     = {10.1103/RevModPhys.81.1229}
}

@book{Chen2016,
  author    = {Chen, Francis F.},
  title     = {Introduction to Plasma Physics and Controlled Fusion},
  year      = {2016},
  publisher = {Springer},
  address   = {Cham},
  doi       = {10.1007/978-3-319-22309-4}
}

@article{Tonouchi2007,
  author  = {Tonouchi, Masayoshi},
  title   = {Cutting-edge terahertz technology},
  journal = {Nature Photonics},
  year    = {2007},
  volume  = {1},
  number  = {2},
  pages   = {97--105},
  doi     = {10.1038/nphoton.2007.3}
}
